%% LaTeX2e file `myrefrences.bib'
%% generated by the `filecontents' environment
%% from source `Astro' on 2014/11/14.
%%
@article{walker2011anderson,
  title={Anderson acceleration for fixed-point iterations},
  author={Walker, Homer F and Ni, Peng},
  journal={SIAM Journal on Numerical Analysis},
  volume={49},
  number={4},
  pages={1715--1735},
  year={2011},
  publisher={SIAM}
}
